[gd_scene load_steps=11 format=2]

[ext_resource path="res://kerno/menuo/menuo.tscn" type="PackedScene" id=1]
[ext_resource path="res://kerno/menuo/scenoj/central_block.tscn" type="PackedScene" id=2]
[ext_resource path="res://blokoj/rajtigo/Start_page_menuo.gd" type="Script" id=3]
[ext_resource path="res://blokoj/rajtigo/auth_menuo.tscn" type="PackedScene" id=4]
[ext_resource path="res://blokoj/rajtigo/nadlo.png" type="Texture" id=5]
[ext_resource path="res://kerno/menuo/scenoj/bottom_2.tscn" type="PackedScene" id=6]
[ext_resource path="res://kerno/menuo/scenoj/bottom_3.tscn" type="PackedScene" id=7]
[ext_resource path="res://kerno/menuo/scenoj/bottom_1.tscn" type="PackedScene" id=8]
[ext_resource path="res://blokoj/rajtigo/infuture2.png" type="Texture" id=9]
[ext_resource path="res://kerno/menuo/resursoj/fonts/dynamicfont_20.tres" type="DynamicFont" id=10]

[node name="Start_page_menuo" instance=ExtResource( 1 )]
margin_right = 0.00012207
margin_bottom = -1.99994
script = ExtResource( 3 )

[node name="CanvasLayer" parent="." index="0"]
layer = -1

[node name="UI" parent="CanvasLayer" index="1"]
margin_left = -0.516136
margin_top = -0.209503
margin_right = -0.516113
margin_bottom = -2.20947

[node name="komerco" parent="CanvasLayer/UI/komerco" index="0"]
visible = false
script = null

[node name="ad_1" parent="CanvasLayer/UI/ad" index="0"]
visible = false

[node name="Window" parent="CanvasLayer/UI/Taskoj" index="0"]
visible = false
script = null

[node name="Window" parent="CanvasLayer/UI/Objektoj" index="0"]
visible = false
script = null

[node name="itinero" parent="CanvasLayer/UI/b_itinero" index="0"]
visible = false
script = null

[node name="interago" parent="CanvasLayer/UI/interago" index="0"]
visible = false
script = null

[node name="central_block" parent="CanvasLayer/UI" index="25" instance=ExtResource( 2 )]
anchor_right = 1.0
anchor_bottom = 1.0
margin_left = 63.0
margin_top = 63.0
margin_right = -15.0
margin_bottom = -180.0

[node name="future_button" type="TextureButton" parent="CanvasLayer/UI/central_block" index="1"]
anchor_left = 0.5
anchor_top = 0.78
anchor_right = 0.5
anchor_bottom = 0.78
margin_left = -96.0
margin_top = -47.9
margin_right = 96.0
margin_bottom = 0.0999756
mouse_default_cursor_shape = 2
texture_normal = ExtResource( 9 )
expand = true
__meta__ = {
"_edit_use_anchors_": false
}

[node name="TextureRect2" type="TextureRect" parent="CanvasLayer/UI/central_block/future_button" index="0"]
anchor_left = 0.486
anchor_top = 1.0
anchor_right = 0.486
anchor_bottom = 1.013
margin_left = -11.0417
margin_top = 0.602539
margin_right = 10.9583
margin_bottom = 44.0045
texture = ExtResource( 5 )
__meta__ = {
"_edit_use_anchors_": true
}

[node name="Label2" type="Label" parent="CanvasLayer/UI/central_block/future_button/TextureRect2" index="0"]
anchor_left = 0.5
anchor_top = 1.0
anchor_right = 0.5
anchor_bottom = 1.0
margin_left = -162.5
margin_top = 5.0
margin_right = 162.5
margin_bottom = 22.0
text = "Нажмите на эту кнопку и все начнется"
__meta__ = {
"_edit_use_anchors_": false
}

[node name="Label" type="Label" parent="CanvasLayer/UI/central_block/future_button" index="1"]
anchor_left = 0.5
anchor_top = 0.5
anchor_right = 0.5
anchor_bottom = 0.5
margin_left = -57.0
margin_top = -13.5
margin_right = 57.0
margin_bottom = 13.5
custom_fonts/font = ExtResource( 10 )
text = "В будущее"
align = 1
valign = 1
__meta__ = {
"_edit_use_anchors_": false
}

[node name="Popup" parent="CanvasLayer/UI" index="26" instance=ExtResource( 4 )]
anchor_left = 0.5
anchor_top = 0.5
anchor_right = 0.5
anchor_bottom = 0.5
margin_left = -264.0
margin_top = -135.0
margin_right = 264.0
margin_bottom = 135.0

[node name="HBox_bottom" type="HBoxContainer" parent="CanvasLayer/UI" index="27"]
anchor_top = 1.0
anchor_right = 1.0
anchor_bottom = 1.0
margin_left = 63.0
margin_top = -164.0
margin_right = -13.0
margin_bottom = -12.0001
custom_constants/separation = 15
__meta__ = {
"_edit_group_": true,
"_edit_use_anchors_": true
}

[node name="bottom_1" parent="CanvasLayer/UI/HBox_bottom" index="0" instance=ExtResource( 8 )]
margin_left = 0.0
margin_top = 0.0
margin_right = 498.0
margin_bottom = 151.0
size_flags_horizontal = 3
size_flags_vertical = 3

[node name="bottom_2" parent="CanvasLayer/UI/HBox_bottom" index="1" instance=ExtResource( 6 )]
margin_left = 513.0
margin_top = 0.0
margin_right = 1011.0
margin_bottom = 151.0
size_flags_horizontal = 3
size_flags_vertical = 3

[node name="bottom_3" parent="CanvasLayer/UI/HBox_bottom" index="2" instance=ExtResource( 7 )]
margin_left = 1026.0
margin_top = 0.0
margin_right = 1524.0
margin_bottom = 151.0
size_flags_horizontal = 3
size_flags_vertical = 3
[connection signal="button_up" from="CanvasLayer/UI/real" to="." method="_on_real_button_up"]
[connection signal="button_up" from="CanvasLayer/UI/com" to="." method="_on_com_button_up"]
[connection signal="button_up" from="CanvasLayer/UI/cap" to="." method="_on_cap_button_up"]
[connection signal="button_up" from="CanvasLayer/UI/mezo_regions" to="." method="_on_mezo_regions_button_up"]
[connection signal="button_up" from="CanvasLayer/UI/quick_actions" to="." method="_on_quick_actions_button_up"]
[connection signal="button_up" from="CanvasLayer/UI/notifications" to="." method="_on_notifications_button_up"]
[connection signal="button_up" from="CanvasLayer/UI/search" to="." method="_on_search_button_up"]
[connection signal="button_up" from="CanvasLayer/UI/user" to="." method="_on_user_button_up"]
[connection signal="button_up" from="CanvasLayer/UI/news" to="." method="_on_news_button_up"]
[connection signal="button_up" from="CanvasLayer/UI/communities" to="." method="_on_communities_button_up"]
[connection signal="button_up" from="CanvasLayer/UI/academy" to="." method="_on_academy_button_up"]
[connection signal="button_up" from="CanvasLayer/UI/encyclopedia" to="." method="_on_encyclopedia_button_up"]
[connection signal="button_up" from="CanvasLayer/UI/Profilo" to="." method="_on_Profilo_button_up"]
[connection signal="button_up" from="CanvasLayer/UI/ad" to="." method="_on_ad_button_up"]
[connection signal="button_up" from="CanvasLayer/UI/Taskoj" to="." method="_on_Taskoj_button_up"]
[connection signal="button_up" from="CanvasLayer/UI/RCentro" to="." method="_on_RCentro_button_up"]
[connection signal="button_up" from="CanvasLayer/UI/Objektoj" to="." method="_on_Objektoj_button_up"]
[connection signal="button_up" from="CanvasLayer/UI/b_itinero" to="." method="_on_b_itinero_button_up"]
[connection signal="button_up" from="CanvasLayer/UI/interago" to="." method="_on_interago_button_up"]
[connection signal="button_up" from="CanvasLayer/UI/central_block/future_button" to="." method="_on_Button_button_up"]

[editable path="CanvasLayer/UI/Profilo"]
